@misc{Sank:IQMixer,
  author = {Sank, Daniel},
  title={Appendix \ref{appendix:IQMixer}}
}

@misc{Sank:quantumMechanics,
  author = {Sank, Daniel},
  title={Appendix \ref{appendix:quantumMechanics}}
}

@misc{Sank:quantumOscillator,
  author = {Sank, Daniel},
  title={Appendix \ref{appendix:quantumOscillator}}
}

@misc{Sank:qubitTheory,
  author = {Sank, Daniel},
  title={Appendix \ref{appendix:qubitTheory}}
}

@misc{Sank:whiteNoiseDFT,
  author = {Sank, Daniel},
  title={Appendix \ref{appendix:whiteNoiseDFT}}
}

@misc{Sank:loadedMode,
  author = {Sank, Daniel},
  title={Appendix \ref{appendix:loadedMode}}
}

